<record><leader>00000cas a22000007a 4500</leader><controlfield tag="001">17758550</controlfield><controlfield tag="008">880408d193u1939nyuwr ne      0    0eng d</controlfield><datafield ind1=" " ind2=" " tag="010"><subfield code="a">sn 88074241 </subfield></datafield><datafield ind1=" " ind2=" " tag="040"><subfield code="a">NYS</subfield><subfield code="b">eng</subfield><subfield code="c">NYS</subfield><subfield code="d">OCLCQ</subfield></datafield><datafield ind1=" " ind2=" " tag="042"><subfield code="a">msc</subfield></datafield><datafield ind1="0" ind2=" " tag="130"><subfield code="a">Herald-news (Avon, N.Y.)</subfield></datafield><datafield ind1="1" ind2="4" tag="245"><subfield code="a">The herald-news.</subfield></datafield><datafield ind1=" " ind2=" " tag="260"><subfield code="a">Avon, N.Y. :</subfield><subfield code="b">[s.n.]</subfield></datafield><datafield ind1=" " ind2=" " tag="300"><subfield code="a">v.</subfield></datafield><datafield ind1=" " ind2=" " tag="310"><subfield code="a">Weekly</subfield></datafield><datafield ind1="0" ind2=" " tag="362"><subfield code="a">-v. 64, no. 48 (Sept. 28, 1939).</subfield></datafield><datafield ind1=" " ind2=" " tag="500"><subfield code="a">Publishers: Weekly Herald News, &lt;1938&gt;.</subfield></datafield><datafield ind1=" " ind2=" " tag="588"><subfield code="a">Description based on: Vol. 60, no. 2 (Nov. 12, 1936).</subfield></datafield><datafield ind1=" " ind2="4" tag="651"><subfield code="a">Avon (N.Y.)</subfield><subfield code="v">Newspapers.</subfield></datafield><datafield ind1=" " ind2=" " tag="752"><subfield code="a">United States</subfield><subfield code="b">New York</subfield><subfield code="c">Livingston</subfield><subfield code="d">Avon.</subfield></datafield><datafield ind1="0" ind2="4" tag="780"><subfield code="t">Avon herald (Avon, N.Y. : 1905)</subfield><subfield code="w">(DLC)sn 89071247</subfield><subfield code="w">(OCoLC)19533598</subfield></datafield><datafield ind1="0" ind2="4" tag="780"><subfield code="t">Avon Independent-news</subfield><subfield code="w">(DLC)sn 89071246</subfield><subfield code="w">(OCoLC)19545100</subfield></datafield><datafield ind1="0" ind2="0" tag="785"><subfield code="t">Avon herald-news</subfield><subfield code="w">(DLC)sn 88074240</subfield></datafield></record>